# Example 1
@article{ReadCSVFile,
  title={How to read csv file and load to dynamodb using lambda function},
  author={Try2Catch},
  url={https://www.youtube.com/watch?v=5nuUmlezrHs},
}

# Example 2
@article{S3documentation,
  title={Amazon S3},
  author={Amazon S3},
  url={https://aws.amazon.com/s3/?nc2=h_m1},
}

@article{DynamoDBDoc,
  title={Amazon DynamoDB},
  author={Amazon DynamoDB},
  url={https://aws.amazon.com/dynamodb/?nc2=h_m1},
}

@article{EC2Doc,
  title={Amazon EC2},
  author={Amazon EC2Doc},
  url={https://aws.amazon.com/ec2/?nc2=h_m1},
}

@article{LambdaDoc,
  title={Amazon AWS Lambda},
  author={Amazon AWS Lambda},
  url={https://aws.amazon.com/lambda/?nc2=h_m1},
}

@article{MTechLabs,
  url={https://www.marutitech.com/5-reasons-why-cloud-can-transform-your-business/},
}

@article{SecurityModel,
  url={https://smartermsp.com/wp-content/uploads/2017/05/Shared-Security-Model.jpg},
}

@article{ROI,
  url={http://www.opengroup.org/cloud/cloud_for_business/p6.htm},
}

@article{DataPrivacy,
  url={https://legal.thomsonreuters.com/en/insights/articles/understanding-data-privacy-and-cloud-computing},
}

@article{DataPrivacy2,
  url={https://www.privacyrights.org/blog/privacy-implications-cloud-computing },
}